% This file was created with JabRef 2.6.
% Encoding: Cp1252

@ARTICLE{Ball,
  author = {Ball, T. and Kim, J. and Porter, A.A. and et al.},
  title = {If your version control system could talk},
  journal = {Workshop on Process Modelling and Empirical Studies of Software Engineering},
  year = {1997},
  volume = {1}
}

@ARTICLE{Dantas,
  author = {C. Dantas and L. Murta and C. Werner},
  title = {Mining Change Traces from Versioned UML Repositories},
  journal = {XXI Simpósio Brasileiro de Engenharia de Software (SBES 2007)},
  year = {2007},
  volume = {1},
  month = {October},
  citeulike-article-id = {2984356},
  posted-at = {2008-07-10 09:55:34},
  priority = {0}
}

@BOOK{LivroMineracao,
  title = {Data Mining: Concepts and Techniques (2nd edition)},
  publisher = {Morgan Kaufmann},
  year = {2006},
  author = {J. Han and M. Kamber}
}

@ARTICLE{Shirabad,
  author = {Shirabad, J.S. and Lethbridge, T. and Matwin, S.},
  title = {Supporting Software Maintenance by Mining Software Update Records},
  journal = {International Conference on Software Maintenance (ICSM)},
  year = {2001},
  volume = {1},
  pages = {22-31},
  month = {November}
}

@INPROCEEDINGS{SrikantAgrawal,
  author = {R. Srikant and R. Agrawal},
  title = {Mining Sequential Patterns: Generalizations and Performance Improvements},
  booktitle = {Proceedings of the 5th International Conference on Extending Database
	Technology - EDBT},
  year = {1996}
}

@ARTICLE{Ying,
  author = {Ying, A.T.T. and Murphy, G.C. and Ng, R. and et al.},
  title = {Predicting Source Code Changes by Mining Change History},
  journal = {IEEE Transactions on Software Engineering (TSE)},
  year = {2004},
  volume = {30},
  pages = {574-586},
  number = {9},
  citeulike-article-id = {2984356},
  posted-at = {2008-07-10 09:55:34},
  priority = {0}
}

@ARTICLE{Zimmerman,
  author = {Zimmermann, T and  Weisgerber, P. and Diehl, S. and et al.},
  title = {Mining version histories to guide software changes},
  journal = {International Conference on Software Engineering (ICSE)},
  year = {2004},
  volume = {1},
  pages = {563-572},
  month = {May},
  citeulike-article-id = {2984356},
  posted-at = {2008-07-10 09:55:34},
  priority = {0}
}

